@book{albach,
author = {Manfred Albach},
year = {2020},
title = {Elektrotechnik 2, Periodische und nicht periodische Signalformen},
edition = {3. Auflage},
publisher = {Pearson Deutschland GmbH},
isbn = {978-3-86894-400-6},
language = {dt},
}

@book{behrends,
author = {Ehrhard Behrends},
year = {2019},
title = {Parkettierungen der Ebene - von Escher über Möbius zu Penrose},
publisher = {Springer Spektrum},
isbn = {978-3-658-23269-6},
language = {dt},
}

@book{hagmann,
author = {Hans Hagmann},
year = {2020},
title = {Grundlagen der Elektrotechnik},
edition = {18. Auflage},
publisher = {AULA-Verlag},
isbn = {978-3-89104-830-6},
language = {dt},
}

@book{weissgerber2,
author = {Wilfried Weißgerber},
year = {2018},
title = {Elektrotechnik für Ingenieure 2},
edition = {10. Auflage},
publisher = {Springer Vieweg},
isbn = {978-3-658-21822-2},
language = {dt},
}

@book{weissgerber3,
author = {Wilfried Weißgerber},
year = {2018},
title = {Elektrotechnik für Ingenieure 3},
edition = {10. Auflage},
publisher = {Springer Vieweg},
isbn = {978-3-658-21825-6},
language = {dt},
}

@misc{duden,
author = {Duden online},
title = {verschiedene Einträge},
publisher = {Cornelson Verlag GmbH},
date = {2024},
url = {https://www.duden.de},
urldate = {2024-08-02},
}

@misc{ptb,
author = {Physikalisch-Technische Bundesanstalt Braunschweig},
title = {Neue Definitionen im internationalen Einheitensystem},
url = {https://www.ptb.de/cms/fileadmin/internet/forschung_entwicklung/countdown_new_si/Lesezeichen_zum_neuen_SI.pdf},
urldate = {2024-08-02},
}

@misc{xkcd,
author = {xkcd},
title = {Webcomic},
url = {https://xkcd.com/},
urldate = {2025-02-25},
}
